<record xmlns="http://www.loc.gov/MARC21/slim">
  <leader>01413cam a22003132a 4500</leader>
  <controlfield tag="001">2782557</controlfield>
  <controlfield tag="008">      s1949       ab    m        0 eng d</controlfield>
  <datafield tag="035" ind1=" " ind2=" ">
    <subfield code="a">ocm70521074</subfield>
  </datafield>
  <datafield tag="040" ind1=" " ind2=" ">
    <subfield code="a">AEU</subfield>
    <subfield code="b">eng</subfield>
  </datafield>
  <datafield tag="043" ind1=" " ind2=" ">
    <subfield code="a">n-cn---</subfield>
    <subfield code="a">n-cn-nt</subfield>
  </datafield>
  <datafield tag="090" ind1=" " ind2=" ">
    <subfield code="a">QE 446 N6 E23 1949</subfield>
    <subfield code="b">AEU</subfield>
  </datafield>
  <datafield tag="100" ind1="1" ind2=" ">
    <subfield code="a">Edie, Ralph William.</subfield>
  </datafield>
  <datafield tag="245" ind1="1" ind2="0">
    <subfield code="a">Petrography and petrology of the Cameron River volcanic belt, District of Mackenzie, N.W.T.</subfield>
    <subfield code="c">by Ralph William Edie.</subfield>
  </datafield>
  <datafield tag="260" ind1=" " ind2=" ">
    <subfield code="c">1949.</subfield>
  </datafield>
  <datafield tag="300" ind1=" " ind2=" ">
    <subfield code="a">94 leaves :</subfield>
    <subfield code="b">illustrations, maps ;</subfield>
    <subfield code="c">29 cm. +</subfield>
    <subfield code="e">2 maps in pocket.</subfield>
  </datafield>
  <datafield tag="336" ind1=" " ind2=" ">
    <subfield code="a">text</subfield>
    <subfield code="b">txt</subfield>
    <subfield code="2">rdacontent</subfield>
  </datafield>
  <datafield tag="337" ind1=" " ind2=" ">
    <subfield code="a">unmediated</subfield>
    <subfield code="b">n</subfield>
    <subfield code="2">rdamedia</subfield>
  </datafield>
  <datafield tag="338" ind1=" " ind2=" ">
    <subfield code="a">volume</subfield>
    <subfield code="b">nc</subfield>
    <subfield code="2">rdacarrier</subfield>
  </datafield>
  <datafield tag="500" ind1=" " ind2=" ">
    <subfield code="a">A thesis submitted to the University of Alberta in partial fulfilment of the requirements for the degree of Master of Science.</subfield>
  </datafield>
  <datafield tag="502" ind1=" " ind2=" ">
    <subfield code="b">M. Sc.</subfield>
    <subfield code="c">University of Alberta</subfield>
    <subfield code="d">1949.</subfield>
  </datafield>
  <datafield tag="504" ind1=" " ind2=" ">
    <subfield code="a">Includes bibliographical references (leaves 59-63).</subfield>
  </datafield>
  <datafield tag="520" ind1=" " ind2=" ">
    <subfield code="a">Masters thesis studying metamorphosed volcanic rocks from the Cameron River volcanic belt, located fifty miles northeast of Yellowknife.</subfield>
  </datafield>
  <datafield tag="596" ind1=" " ind2=" ">
    <subfield code="a">38 48</subfield>
  </datafield>
  <datafield tag="650" ind1=" " ind2="0">
    <subfield code="a">Petrology</subfield>
    <subfield code="z">Northwest Territories</subfield>
    <subfield code="z">Mackenzie.</subfield>
  </datafield>
  <datafield tag="650" ind1=" " ind2="0">
    <subfield code="a">Volcanic ash, tuff, etc.</subfield>
    <subfield code="z">Northwest Territories</subfield>
    <subfield code="z">Mackenzie.</subfield>
  </datafield>
  <datafield tag="651" ind1=" " ind2="0">
    <subfield code="a">Canada, Northern.</subfield>
  </datafield>
  <datafield tag="710" ind1="2" ind2=" ">
    <subfield code="a">University of Alberta.</subfield>
    <subfield code="b">Department of Geology.</subfield>
  </datafield>
  <datafield tag="926" ind1=" " ind2=" ">
    <subfield code="a">UABARD</subfield>
    <subfield code="b">ON_SHELF</subfield>
    <subfield code="c">QE 446 N6 E23 1949</subfield>
    <subfield code="d">NO_LOAN</subfield>
    <subfield code="f">1</subfield>
  </datafield>
  <datafield tag="926" ind1=" " ind2=" ">
    <subfield code="a">UASCITECH</subfield>
    <subfield code="b">POLAR</subfield>
    <subfield code="c">QE 446 N6 E23 1949</subfield>
    <subfield code="d">BOOK</subfield>
    <subfield code="f">1</subfield>
  </datafield>
</record>
